
@article{assessin2016,
	title = {Assessing the Sustainability of Agricultural and Urban Forests in the United States},
	editor = {Robertson, Guy and Mason, Andy},
	year = {2016},
	date = {2016},
	journal = {USDA Forest Service FS-1067, 75 pp.},
	number = {FS-1067},
	url = {http://www.fs.usda.gov/treesearch/pubs/52278},
	langid = {en}
}

@article{usdaforestservice2011,
	title = {Urban Tree Canopy Analysis Helps Urban Planners With Tree Planting Campaigns},
	author = {USDA Forest Service, Northern Research Station},
	year = {2011},
	date = {2011},
	journal = {NRS Research Review},
	pages = {6},
	volume = {13},
	langid = {en}
}

@misc{unitednations2018,
	title = {68% of the world population projected to live in urban areas by 2050, says UN},
	author = {United Nations, Department of Economics and Social Affairs},
	year = {2018},
	month = {05},
	date = {2018-05-16},
	url = {https://www.un.org/development/desa/en/news/population/2018-revision-of-world-urbanization-prospects.html}
}

@misc{usepa2020,
	title = {Urbanization and Storm Water Runoff},
	author = {US EPA, },
	year = {2020},
	month = {01},
	date = {2020-01-27},
	url = {https://www.epa.gov/sourcewaterprotection/urbanization-and-storm-water-runoff},
	langid = {en}
}

@article{selbig2021,
	title = {Quantifying the stormwater runoff volume reduction benefits of urban street tree canopy},
	author = {Selbig, William R. and Loheide, Steven P. and Shuster, William and Scharenbroch, Bryant C. and Coville, Robert C. and Kruegler, James and Avery, William and Haefner, Ralph and Nowak, David},
	year = {2021},
	month = {10},
	date = {2021-10-28},
	journal = {Science of The Total Environment},
	pages = {151296},
	doi = {10.1016/j.scitotenv.2021.151296},
	url = {https://www.sciencedirect.com/science/article/pii/S0048969721063749},
	langid = {en}
}

@article{nowak2006,
	title = {Air pollution removal by urban trees and shrubs in the United States},
	author = {Nowak, David J. and Crane, Daniel E. and Stevens, Jack C.},
	year = {2006},
	month = {04},
	date = {2006-04-03},
	journal = {Urban Forestry & Urban Greening},
	pages = {115--123},
	volume = {4},
	number = {3},
	doi = {10.1016/j.ufug.2006.01.007},
	url = {https://www.sciencedirect.com/science/article/pii/S1618866706000173},
	langid = {en}
}

@misc{cityofportland,
	title = {Carbon emissions},
	year = {2020},
	author = {City of Portland, },
	url = {https://www.portland.gov/bps/scg/scg-dashboard/carbon-emissions},
	langid = {en}
}

@article{lazarus2013,
	title = {A core framework and scenario for deep GHG reductions at the city scale},
	author = {Lazarus, Michael and Chandler, Chelsea and Erickson, Peter},
	year = {2013},
	month = {06},
	date = {2013-06-01},
	journal = {Energy Policy},
	pages = {563--574},
	volume = {57},
	doi = {10.1016/j.enpol.2013.02.031},
	url = {https://www.sciencedirect.com/science/article/pii/S030142151300116X},
	langid = {en}
}

@article{nowak2002,
	title = {Carbon storage and sequestration by urban trees in the USA},
	author = {Nowak, David J. and Crane, Daniel E.},
	year = {2002},
	month = {03},
	date = {2002-03-01},
	journal = {Environmental Pollution},
	pages = {381--389},
	volume = {116},
	number = {3},
	doi = {10.1016/S0269-7491(01)00214-7},
	url = {https://www.sciencedirect.com/science/article/pii/S0269749101002147},
	langid = {en}
}

@article{nowak2013,
	title = {Carbon storage and sequestration by trees in urban and community areas of the United States},
	author = {Nowak, David J. and Greenfield, Eric J. and Hoehn, Robert E. and Lapoint, Elizabeth},
	year = {2013},
	month = {07},
	date = {2013-07},
	journal = {Environmental Pollution},
	pages = {229--236},
	volume = {178},
	doi = {10.1016/j.envpol.2013.03.019},
	url = {https://linkinghub.elsevier.com/retrieve/pii/S0269749113001383},
	langid = {en}
}

@misc{safford2013,
	title = {Urban Forests and Climate Change},
	author = {Safford, Hannah and Larry, Elizabeth and McPherson, E. Gregory and Nowak, David J. and Westphal, L.M.},
	year = {2013},
	month = {08},
	date = {2013-08},
	url = {https://www.fs.usda.gov/ccrc/topics/urban-forests}
}

@article{schroeder1983,
	title = {The esthetic contribution of trees to residential streets in Ohio towns},
	author = {Schroeder, H. and Cannon, W. N.},
	year = {1983},
	date = {1983},
	journal = {undefined},
	url = {https://www.semanticscholar.org/paper/The-esthetic-contribution-of-trees-to-residential-Schroeder-Cannon/76ab66281fa734ae7106cc7794310b5463cb8f77},
	langid = {en}
}

@article{schroeder2011,
	title = {Does beauty still matter? Experiential and utilitarian values of urban trees},
	author = {Schroeder, Herbert W.},
	year = {2011},
	date = {2011},
	journal = {In: Trees, people and the built environment. Proceedings of the Urban Trees Research Conference; 2011 April 13-14; Edgbaston, Birmingham, UK. Institute of Chartered Foresters: 159-165.},
	pages = {159--165},
	url = {http://www.fs.usda.gov/treesearch/pubs/41349},
	langid = {en}
}

@article{james2015,
	title = {A Review of the Health Benefits of Greenness},
	author = {James, Peter and Banay, Rachel F. and Hart, Jaime E. and Laden, Francine},
	year = {2015},
	month = {06},
	date = {2015-06-01},
	journal = {Current Epidemiology Reports},
	pages = {131--142},
	volume = {2},
	number = {2},
	doi = {10.1007/s40471-015-0043-7},
	url = {https://link.springer.com/article/10.1007/s40471-015-0043-7},
	note = {Company: Springer
Distributor: Springer
Institution: Springer
Label: Springer
Number: 2
Publisher: Springer International Publishing},
	langid = {en}
}

@article{beckmann-wübbelt2021,
	title = {High public appreciation for the cultural ecosystem services of urban and peri{\nobreakdash-}urban forests during the COVID-19 pandemic},
	author = {{Beckmann-Wübbelt}, Angela and Fricke, Annika and Sebesvari, Zita and Yakouchenkova, Iulia Almeida and {Fröhlich}, Katrin and Saha, Somidh},
	year = {2021},
	month = {11},
	date = {2021-11-01},
	journal = {Sustainable Cities and Society},
	pages = {103240},
	volume = {74},
	doi = {10.1016/j.scs.2021.103240},
	url = {https://www.sciencedirect.com/science/article/pii/S2210670721005175},
	langid = {en}
}

@article{taylor2001,
	title = {Coping with ADD: The Surprising Connection to Green Play Settings},
	author = {Taylor, Andrea Faber and Kuo, Frances E. and Sullivan, William C.},
	year = {2001},
	month = {01},
	date = {2001-01-01},
	journal = {Environment and Behavior},
	pages = {54--77},
	volume = {33},
	number = {1},
	doi = {10.1177/00139160121972864},
	url = {https://doi.org/10.1177/00139160121972864},
	note = {Publisher: SAGE Publications Inc},
	langid = {en}
}


@article{anderson1988,
	title = {Influence of trees on residential property values in Athens, Georgia (U.S.A.): A survey based on actual sales prices},
	author = {Anderson, L. M. and Cordell, H. K.},
	year = {1988},
	month = {06},
	date = {1988-06-01},
	journal = {Landscape and Urban Planning},
	pages = {153--164},
	series = {Special Issue: Urban Forest Ecology},
	volume = {15},
	number = {1},
	doi = {10.1016/0169-2046(88)90023-0},
	url = {https://www.sciencedirect.com/science/article/pii/0169204688900230},
	langid = {en}
}

@article{sander2010,
	title = {The value of urban tree cover: A hedonic property price model in Ramsey and Dakota Counties, Minnesota, USA},
	author = {Sander, Heather and Polasky, Stephen and Haight, Robert G.},
	year = {2010},
	month = {06},
	date = {2010-06-15},
	journal = {Ecological Economics},
	pages = {1646--1656},
	volume = {69},
	number = {8},
	doi = {10.1016/j.ecolecon.2010.03.011},
	url = {https://www.sciencedirect.com/science/article/pii/S0921800910001072},
	langid = {en}
}

@techreport{nowak2010,
	title = {Sustaining America{\textquoteright}s Urban Trees and Forests},
	author = {Nowak, David J and Stein, Susan M and Randler, Paula B and Comas, Sara J and Carr, Mary A and Alig, Ralph J},
	year = {2010},
	month = {06},
	date = {2010-06},
	pages = {28},
	langid = {en}
}

@article{donovan2009,
	title = {The value of shade: Estimating the effect of urban trees on summertime electricity use},
	author = {Donovan, Geoffrey and Butry, David},
	year = {2009},
	month = {06},
	date = {2009-06-01},
	journal = {Energy and Buildings},
	pages = {662--668},
	volume = {41},
	doi = {10.1016/j.enbuild.2009.01.002}
}

@article{tsoka2021,
	title = {Assessing the effects of urban street trees on building cooling energy needs: The role of foliage density and planting pattern},
	author = {Tsoka, Stella and Leduc, Thomas and Rodler, Auline},
	year = {2021},
	month = {02},
	date = {2021-02-01},
	journal = {Sustainable Cities and Society},
	pages = {102633},
	volume = {65},
	doi = {10.1016/j.scs.2020.102633},
	url = {https://www.sciencedirect.com/science/article/pii/S2210670720308507},
	langid = {en}
}

@article{flint1985,
	title = {Plants Showing Tolerance of Urban Stress},
	author = {Flint, Harrison L.},
	year = {1985},
	month = {06},
	date = {1985-06-01},
	journal = {Journal of Environmental Horticulture},
	pages = {85--89},
	volume = {3},
	number = {2},
	doi = {10.24266/0738-2898-3.2.85},
	url = {https://doi.org/10.24266/0738-2898-3.2.85}
}

@article{ward2007,
	title = {Geospatial methods provide timely and comprehensive urban forest information},
	author = {Ward, Kathleen T. and Johnson, Gary R.},
	year = {2007},
	month = {02},
	date = {2007-02-20},
	journal = {Urban Forestry & Urban Greening},
	pages = {15--22},
	volume = {6},
	number = {1},
	doi = {10.1016/j.ufug.2006.11.002},
	url = {https://www.sciencedirect.com/science/article/pii/S161886670600080X},
	langid = {en}
}

@techreport{disalvo2017,
	title = {Street Tree Inventory Report: City of Portland},
	author = {DiSalvo, Angie and Fukuda, Julie and Ramsey, Jeff and Parks, Portland},
	year = {2017},
	month = {04},
	date = {2017-04},
	pages = {48},
	langid = {en}
}

@article{portlandurbanforestry2019,
	title = {Inventory Findings 2019},
	author = {Portland Urban Forestry, },
	year = {2019},
	month = {10},
	date = {2019-10-26},
	url = {https://www.portland.gov/trees/get-involved/tree-summit}
}

@article{moore1979,
	title = {What is a picture worth? A history of remote sensing / Quelle est la valeur d'une image? Un tour d'horizon de télédétection},
	author = {Moore, Gerald K.},
	year = {1979},
	month = {12},
	date = {1979-12-01},
	journal = {Hydrological Sciences Bulletin},
	pages = {477--485},
	volume = {24},
	number = {4},
	doi = {10.1080/02626667909491887},
	url = {https://doi.org/10.1080/02626667909491887},
	note = {Publisher: Taylor & Francis
{\_}eprint: https://doi.org/10.1080/02626667909491887}
}

@book{khorram2012,
	title = {Remote Sensing},
	author = {Khorram, Siamak},
	year = {2012},
	date = {2012},
	publisher = {Springer New York : Imprint: Springer},
	series = {SpringerBriefs in Space Development},
	edition = {1st ed. 2012.},
	note = {Book Title: Remote Sensing},
	address = {New York, NY},
	langid = {eng}
}

@article{tucker1979,
	title = {Red and photographic infrared linear combinations for monitoring vegetation},
	author = {Tucker, Compton J.},
	year = {1979},
	month = {05},
	date = {1979-05-01},
	journal = {Remote Sensing of Environment},
	pages = {127--150},
	volume = {8},
	number = {2},
	doi = {10.1016/0034-4257(79)90013-0},
	url = {https://www.sciencedirect.com/science/article/pii/0034425779900130},
	langid = {en}
}

@article{myneni1995,
	title = {The interpretation of spectral vegetation indexes},
	author = {Myneni, R. and Hall, F. and Sellers, P. and Marshak, A.},
	year = {1995},
	date = {1995},
	journal = {IEEE Transactions on Geoscience and Remote Sensing},
	doi = {10.1109/36.377948}
}

@article{xiao2005,
	title = {Tree health mapping with multispectral remote sensing data at UC Davis, California},
	author = {Xiao, Qingfu and McPherson, E. Gregory},
	year = {2005},
	month = {12},
	date = {2005-12},
	journal = {Urban Ecosystems},
	pages = {349--361},
	volume = {8},
	number = {3-4},
	doi = {10.1007/s11252-005-4867-7},
	url = {http://link.springer.com/10.1007/s11252-005-4867-7},
	langid = {en}
}

@article{fang2020,
	title = {Street tree health from space? An evaluation using WorldView-3 data and the Washington D.C. Street Tree Spatial Database},
	author = {Fang, Fang and McNeil, Brenden and Warner, Timothy and Dahle, Gregory and Eutsler, Earl},
	year = {2020},
	date = {2020},
	journal = {Urban forestry & urban greening},
	pages = {126634--},
	volume = {49},
	doi = {10.1016/j.ufug.2020.126634},
	note = {Publisher: Elsevier GmbH},
	langid = {eng}
}

@article{huang2019,
	title = {Remote sensing of forest die-off in the Anthropocene: From plant ecophysiology to canopy structure},
	author = {Huang, Cho-ying and Anderegg, William R.L. and Asner, Gregory P.},
	year = {2019},
	month = {09},
	date = {2019-09},
	journal = {Remote Sensing of Environment},
	pages = {111233},
	volume = {231},
	doi = {10.1016/j.rse.2019.111233},
	url = {https://linkinghub.elsevier.com/retrieve/pii/S0034425719302524},
	langid = {en}
}

@article{breshears2005,
	title = {Regional vegetation die-off in response to global-change-type drought},
	author = {Breshears, David D. and Cobb, Neil S. and Rich, Paul M. and Price, Kevin P. and Allen, Craig D. and Balice, Randy G. and Romme, William H. and Kastens, Jude H. and Floyd, M. Lisa and Belnap, Jayne and Anderson, Jesse J. and Myers, Orrin B. and Meyer, Clifton W.},
	year = {2005},
	month = {10},
	date = {2005-10-18},
	journal = {Proceedings of the National Academy of Sciences},
	pages = {15144--15148},
	volume = {102},
	number = {42},
	doi = {10.1073/pnas.0505734102},
	url = {https://www.pnas.org/doi/10.1073/pnas.0505734102},
	note = {Publisher: Proceedings of the National Academy of Sciences}
}

@article{byer2017,
	title = {Detecting Drought-Induced Tree Mortality in Sierra Nevada Forests with Time Series of Satellite Data},
	author = {Byer, Sarah and Jin, Yufang},
	year = {2017},
	month = {09},
	date = {2017-09},
	journal = {Remote Sensing},
	pages = {929},
	volume = {9},
	number = {9},
	doi = {10.3390/rs9090929},
	url = {https://www.mdpi.com/2072-4292/9/9/929},
	note = {Number: 9
Publisher: Multidisciplinary Digital Publishing Institute},
	langid = {en}
}

@article{taylor2002,
	title = {Views of nature and self discipline: Evidence from inner city children},
	author = {Taylor, Andrea Faber and Kuo, Frances E. and Sullivan, William},
	year = {2002},
	month = {03},
	date = {2002-03-01},
	journal = {Journal of Environmental Psychology},
	pages = {49--63},
	volume = {22},
	number = {1},
	doi = {10.1006/jevp.2001.0241},
	url = {https://www.sciencedirect.com/science/article/pii/S0272494401902415},
	langid = {en}
}

@article{schroeder1987,
	title = {Visual quality of residential streets: Both street and yard trees make a difference},
	author = {Schroeder, Herbert W and Cannon, William N},
	year = {1987},
	date = {1987},
	pages = {5},
	langid = {en}
}

@misc{planetndvi,
  author = {Planet},
	title = {Calculate an NDVI in Python: Learn to calculate a vegetation index to assess the quality of vegetation within an area of interest},
	url = {https://developers.planet.com/planetschool/calculate-an-ndvi-in-python/},
	langid = {en}
}

@misc{canopy2014,
	title = {Canopy 2014},
	year = {2016},
	date = {2016},
	url = {https://www.arcgis.com/sharing/rest/content/items/05cbf1630c2f4904a076298b888de9bc/info/metadata/metadata.xml?format=default&output=html}
}

@article{planetlabs2022,
	title = {Planet Imagery Product Specifications},
	year = {2022},
	month = {03},
	date = {2022-03},
	url = {https://assets.planet.com/docs/Planet_Combined_Imagery_Product_Specs_letter_screen.pdf}
}

@misc{reviewer2grumpyreviewer22020,
	title = {The growing inaccessibility of science {\#}AcademicTwitter @AcademicChatter {\#}phdlife {\#}phdcgat {\#}ecrchat https://t.co/5JnzFBMdym},
	author = {{@GrumpyReviewer2}, },
	year = {2020},
	month = {07},
	date = {2020-07-16},
	url = {https://twitter.com/GrumpyReviewer2/status/1283728846525612033},
	langid = {en}
}

@misc{climate,
  journal = {Center for American Progress},
	title = {Climate Deniers in the 117th Congress},
	author = {Drennen, Ari},
	url = {https://www.americanprogress.org/article/climate-deniers-117th-congress/},
	langid = {en},
	date = {2020-03-30}
}

@article{trope2010,
	title = {Construal-level theory of psychological distance},
	author = {Trope, Yaacov and Liberman, Nira},
	year = {2010},
	date = {2010},
	journal = {Psychological Review},
	pages = {440--463},
	volume = {117},
	number = {2},
	doi = {10.1037/a0018963},
	note = {Place: US
Publisher: American Psychological Association}
}

@misc{markman,
	title = {Why People Aren{\textquoteright}t Motivated to Address Climate Change},
	url = {https://hbr.org/2018/10/why-people-arent-motivated-to-address-climate-change},
	date = {2018-10-11},
	author = {Markman, Art},
	journal = {Harvard Business Review}
}


@misc{planetlabs,
  author = {Planet Team},
  year = {2017},
  title = {Planet Application Program Interface: In Space for Life on Earth},
  address = {San Francisco, CA},
  url = {https://api.planet.com.}
}

@Manual{R-base,
  title = {R: A Language and Environment for Statistical Computing},
  author = {{R Core Team}},
  organization = {R Foundation for Statistical Computing},
  address = {Vienna, Austria},
  year = {2020},
  url = {https://www.R-project.org/},
}

@Manual{R-broom,
  title = {broom: Convert Statistical Objects into Tidy Tibbles},
  author = {David Robinson and Alex Hayes and Simon Couch},
  year = {2021},
  note = {R package version 0.7.10},
  url = {https://CRAN.R-project.org/package=broom},
}

@Manual{R-caret,
  title = {caret: Classification and Regression Training},
  author = {Max Kuhn},
  year = {2021},
  note = {R package version 6.0-90},
  url = {https://github.com/topepo/caret/},
}

@Manual{R-dplyr,
  title = {dplyr: A Grammar of Data Manipulation},
  author = {Hadley Wickham and Romain François and Lionel Henry and Kirill Müller},
  year = {2021},
  note = {R package version 1.0.7},
  url = {https://CRAN.R-project.org/package=dplyr},
}

@Manual{R-forcats,
  title = {forcats: Tools for Working with Categorical Variables (Factors)},
  author = {Hadley Wickham},
  year = {2021},
  note = {R package version 0.5.1},
  url = {https://CRAN.R-project.org/package=forcats},
}

@Manual{R-ForestTools,
  title = {ForestTools: Analyzing Remotely Sensed Forest Data},
  author = {Andrew Plowright and Jean-Romain Roussel},
  year = {2021},
  note = {R package version 0.2.5},
  url = {https://github.com/andrew-plowright/ForestTools},
}

@Manual{R-formatR,
  title = {formatR: Format R Code Automatically},
  author = {Yihui Xie},
  year = {2022},
  note = {R package version 1.12},
  url = {https://github.com/yihui/formatR},
}

@Manual{R-ggplot2,
  title = {ggplot2: Create Elegant Data Visualisations Using the Grammar of Graphics},
  author = {Hadley Wickham and Winston Chang and Lionel Henry and Thomas Lin Pedersen and Kohske Takahashi and Claus Wilke and Kara Woo and Hiroaki Yutani and Dewey Dunnington},
  year = {2021},
  note = {R package version 3.3.5},
  url = {https://CRAN.R-project.org/package=ggplot2},
}

@Manual{R-knitr,
  title = {knitr: A General-Purpose Package for Dynamic Report Generation in R},
  author = {Yihui Xie},
  year = {2021},
  note = {R package version 1.37},
  url = {https://yihui.org/knitr/},
}

@Manual{R-lattice,
  title = {lattice: Trellis Graphics for R},
  author = {Deepayan Sarkar},
  year = {2021},
  note = {R package version 0.20-45},
  url = {http://lattice.r-forge.r-project.org/},
}

@Manual{R-lubridate,
  title = {lubridate: Make Dealing with Dates a Little Easier},
  author = {Vitalie Spinu and Garrett Grolemund and Hadley Wickham},
  year = {2021},
  note = {R package version 1.8.0},
  url = {https://CRAN.R-project.org/package=lubridate},
}

@Manual{R-MASS,
  title = {MASS: Support Functions and Datasets for Venables and Ripley's MASS},
  author = {Brian Ripley},
  year = {2021},
  note = {R package version 7.3-54},
  url = {http://www.stats.ox.ac.uk/pub/MASS4/},
}

@Manual{R-patchwork,
  title = {patchwork: The Composer of Plots},
  author = {Thomas Lin Pedersen},
  year = {2020},
  note = {R package version 1.1.1},
  url = {https://CRAN.R-project.org/package=patchwork},
}

@Manual{R-pdxTrees,
  title = {pdxTrees: Data Package of Portland, Oregon Trees},
  author = {Kelly McConville},
  year = {2020},
  note = {R package version 0.4.0},
  url = {https://github.com/mcconvil/pdxTrees},
}

@Manual{R-purrr,
  title = {purrr: Functional Programming Tools},
  author = {Lionel Henry and Hadley Wickham},
  year = {2020},
  note = {R package version 0.3.4},
  url = {https://CRAN.R-project.org/package=purrr},
}

@Manual{R-readr,
  title = {readr: Read Rectangular Text Data},
  author = {Hadley Wickham and Jim Hester and Jennifer Bryan},
  year = {2021},
  note = {R package version 2.1.1},
  url = {https://CRAN.R-project.org/package=readr},
}

@Manual{R-remotes,
  title = {remotes: R Package Installation from Remote Repositories, Including
GitHub},
  author = {Gábor Csárdi and Jim Hester and Hadley Wickham and Winston Chang and Martin Morgan and Dan Tenenbaum},
  year = {2021},
  note = {R package version 2.4.2},
  url = {https://CRAN.R-project.org/package=remotes},
}

@Manual{R-scales,
  title = {scales: Scale Functions for Visualization},
  author = {Hadley Wickham and Dana Seidel},
  year = {2020},
  note = {R package version 1.1.1},
  url = {https://CRAN.R-project.org/package=scales},
}

@Manual{R-stringr,
  title = {stringr: Simple, Consistent Wrappers for Common String Operations},
  author = {Hadley Wickham},
  year = {2019},
  note = {R package version 1.4.0},
  url = {https://CRAN.R-project.org/package=stringr},
}

@Manual{R-thesisdown,
  title = {thesisdown: An updated R Markdown thesis template using the bookdown package},
  author = {Chester Ismay and Nick Solomon},
  year = {2021},
  note = {R package version 0.2.0.9000},
}

@Manual{R-tibble,
  title = {tibble: Simple Data Frames},
  author = {Kirill Müller and Hadley Wickham},
  year = {2021},
  note = {R package version 3.1.6},
  url = {https://CRAN.R-project.org/package=tibble},
}

@Manual{R-tidyr,
  title = {tidyr: Tidy Messy Data},
  author = {Hadley Wickham},
  year = {2021},
  note = {R package version 1.1.4},
  url = {https://CRAN.R-project.org/package=tidyr},
}

@Manual{R-tidyverse,
  title = {tidyverse: Easily Install and Load the Tidyverse},
  author = {Hadley Wickham},
  year = {2021},
  note = {R package version 1.3.1},
  url = {https://CRAN.R-project.org/package=tidyverse},
}

@Book{ggplot22016,
  author = {Hadley Wickham},
  title = {ggplot2: Elegant Graphics for Data Analysis},
  publisher = {Springer-Verlag New York},
  year = {2016},
  isbn = {978-3-319-24277-4},
  url = {https://ggplot2.tidyverse.org},
}

@Article{lubridate2011,
  title = {Dates and Times Made Easy with {lubridate}},
  author = {Garrett Grolemund and Hadley Wickham},
  journal = {Journal of Statistical Software},
  year = {2011},
  volume = {40},
  number = {3},
  pages = {1--25},
  url = {https://www.jstatsoft.org/v40/i03/},
}

@Book{MASS2002,
  title = {Modern Applied Statistics with S},
  author = {W. N. Venables and B. D. Ripley},
  publisher = {Springer},
  edition = {Fourth},
  address = {New York},
  year = {2002},
  note = {ISBN 0-387-95457-0},
  url = {https://www.stats.ox.ac.uk/pub/MASS4/},
}

@Article{tidyverse2019,
  title = {Welcome to the {tidyverse}},
  author = {Hadley Wickham and Mara Averick and Jennifer Bryan and Winston Chang and Lucy D'Agostino McGowan and Romain François and Garrett Grolemund and Alex Hayes and Lionel Henry and Jim Hester and Max Kuhn and Thomas Lin Pedersen and Evan Miller and Stephan Milton Bache and Kirill Müller and Jeroen Ooms and David Robinson and Dana Paige Seidel and Vitalie Spinu and Kohske Takahashi and Davis Vaughan and Claus Wilke and Kara Woo and Hiroaki Yutani},
  year = {2019},
  journal = {Journal of Open Source Software},
  volume = {4},
  number = {43},
  pages = {1686},
  doi = {10.21105/joss.01686},
}


